%--------------------------------------------------Buchquellen
% some examples for quick copy-paste
@book{KonradKokosaProMemoryManagement,
  title={Pro .NET Memory Management. For better Code, Performance and Scalability},
  author={Konrad Kokosa},
  isbn={978-1-4842-4026-7},
  year={2018},
  publisher={Apress Media LLC},
  pages={546--547, 575}
}
@article{IEEEHeartbleedIoT2014,
    title = {Analysis of OpenSSL Heartbleed Vulnerability for Embedded Systems},
    author = {Imran Ghafoor and Imran Jattala and Shakeel Durrani and Muhammad Tahir Ch},
    journal = {17th IEEE International Multi Topic Conference 2014},
    year = {2014},
    isbn={978-1-4799-5755-2},
    doi = {10.1109/INMIC.2014.7097358},
	pages={2--3}
}
  
@article{greenfield2002code,
  title={Code generation - A strategy for managing the complexity of systems development},
  author={Greenfield, Jack and Short, Keith},
  journal={IEEE Software},
  volume={19},
  number={5},
  pages={33--43},
  year={2002},
  publisher={IEEE},
  doi={10.1109/MS.2002.1029445} % <-- nope!
}

@inproceedings{biermann2017model,
  title={Model-Driven Software Development and Code Generation with MPS},
  author={Biermann, Erik and Kalnina, Elvira},
  booktitle={2017 IEEE 20th International Conference on Information Reuse and Integration (IRI)},
  pages={244--247},
  year={2017},
  organization={IEEE},
  doi={10.1109/IRI.2017.58} % <-- "A Multi-Stage Approach to Personalized Course Selection and Scheduling"!
}

@book{voelter2017model,
  title={Model-Driven Development: A Practical Approach for Business Applications},
  author={Völter, Markus and Schaaf, Alexander},
  year={2017},
  publisher={Springer},
  doi={10.1007/978-3-319-55133-2} % <-- nope!
}

@inproceedings{voelter2013study,
  title={A study on the automatic generation of code generators in MPS},
  author={Voelter, Markus and Solomatov, Vladimir and Weinert, Thomas and G{\"u}nther, Thomas},
  booktitle={Proceedings of the ACM International Conference on Generative Programming and Component Engineering},
  pages={13--22},
  year={2013},
  organization={ACM},
  doi={10.1145/2620785.2620801}% <-- nope!
}

%----------------------------------- Manuals ---------------------------
% some examples for quick copy-paste
@techreport{ecma335cli,
    title = {ECMA-335: Common Language Infrastructure (CLI)},
    author = {{ECMA International}},
    edition = {6th},
    date = {2012-06},
    type = {Software engineering and interfaces},
    category = {Programming languages},
    organization = {ECMA International},
    number = {ISO/IEC 23271},
    address = {Rue du Rhone 114 CH-1204 Geneva},
    url = {https://www.ecma-international.org/wp-content/uploads/ECMA-335_6th_edition_june_2012.pdf},
    series = {TC39},
    urldate={2023-04-01},
	pages={9--12,188--189,290}
}
@manual{intel_architectures_2023,
    title={Intel\textregistered{} 64 and IA-32 Architectures Software Developer's Manual: Combined Volumes 1, 2A, 2B, 2C, 2D, 3A, 3B, 3C, 3D, and 4},
    author={{Intel Corporation}},
    note={Order Number: 325462-079US},
    year={2023},
    month={03},
    url={https://cdrdv2.intel.com/v1/dl/getContent/671200},
    urldate={2023-04-02},
	pages={{pp. Vol. 2D B-87,Vol. 1 12-19--Vol. 1 12-24}}
}
@manual{man_malloc_3,
    title={malloc(3) - allocate and free dynamic memory -- Library Functions Manual},
    author={{GNU C Library (glibc) Developers}},
    note={Linux man-pages 6.03 on Debian GNU/Linux 12},
    year={2023},
    month={02}
}
%--------------------------------------------------Webseiten und Online-Quellen
@online{GitHubTieredJittingDocs,
    author = {.NET-Foundation},
    title = {Tiered Compilation -- dotnet/runtime on GitHub},
    url = {https://github.com/dotnet/runtime/blob/8ffad5201e02ec8657065aabc543135903767535/docs/design/features/tiered-compilation.md},
    year = {2018},
    urldate = {2023-04-03}
}
@online{DotnetPublishing,
    author = {.NET-Foundation},
    title = {.NET application publishing overview},
    url = {https://learn.microsoft.com/en-us/dotnet/core/deploying/},
    year = {2022},
    urldate = {2023-04-06}
}
@online{DotnetPublishingAot,
    author = {.NET-Foundation},
    title = {.NET Native AOT deployment},
    url = {https://learn.microsoft.com/en-us/dotnet/core/deploying/native-aot/},
    year = {2023},
    urldate = {2023-04-06}
}
@online{DotnetSystemCommandline,
    author = {.NET-Foundation},
    title = {System.CommandLine overview},
    url = {https://learn.microsoft.com/en-us/dotnet/standard/commandline/},
    year = {2022},
    urldate = {2023-04-06}
}
@online{DotnetSystemCommandlineGetStarted,
    author = {.NET-Foundation},
    title = {Get started with System.CommandLine},
    url = {https://learn.microsoft.com/en-us/dotnet/standard/commandline/get-started-tutorial},
    year = {2022},
    urldate = {2023-04-06}
}
@online{RESTGuidelines,
  title={What is REST},
  author={restfulapi},
  url={https://restfulapi.net/},
  year={2022},
  urldate={2022-06-15}
}
@online{ecma335cli-augments,
  title={ECMA-335 CLI Specification Addendum},
  author={.NET-Foundation},
  url={https://github.com/dotnet/runtime/blob/ddb91f564af56f41720686e8e74659e35ae46475/docs/design/specs/Ecma-335-Augments.md#static-interface-methods},
  year={2022},
  urldate={2023-04-06},
  pages={}
}
@online{lombok,
  title={Reducing Boilerplate Code with Project Lombok | Object Computing, Inc.},
  author={Michael Kimberlin},
  url={https://objectcomputing.com/resources/publications/sett/january-2010-reducing-boilerplate-code-with-project-lombok},
  year={2010},
  urldate={2023-04-06}
}
% ------------------------------- other ------------------------------------
@misc{rfc8259,
    series =    {Request for Comments},
    number =    8259,
    howpublished =  {RFC 8259},
    publisher = {RFC Editor},
    doi =       {10.17487/RFC8259},
    url =       {https://www.rfc-editor.org/info/rfc8259},
        author =    {Tim Bray},
    title =     {{The JavaScript Object Notation (JSON) Data Interchange Format}},
    pagetotal = 16,
    year =      2017,
    month =     dec,
    abstract =  {JavaScript Object Notation (JSON) is a lightweight, text-based, language-independent data interchange format. It was derived from the ECMAScript Programming Language Standard. JSON defines a small set of formatting rules for the portable representation of structured data. This document removes inconsistencies with other specifications of JSON, repairs specification errors, and offers experience-based interoperability guidance.},
}
@misc{IIS2,
  title={Lecture \enquote{Informationsinfrastrukturen 2} at \glslongtext{a:fhdw}},
  author={Harald König},
  year={2023},
  publisher={\glslongtext{a:fhdw}}
}
@misc{IIS2-ass,
  title={Projektaufgaben und Generatoranleitung zur Vorlesung
\enquote{Informationsinfrastrukturen}},
  author={Harald König},
  year={2023},
  publisher={\glslongtext{a:fhdw}}
}